<record><leader>00000cas a22000007a 4500</leader><controlfield tag="001">15102590</controlfield><controlfield tag="008">870122d19641977txucr ne      0    0eng d</controlfield><datafield ind1=" " ind2=" " tag="010"><subfield code="a">sn 86090703 </subfield></datafield><datafield ind1=" " ind2=" " tag="040"><subfield code="a">PPM</subfield><subfield code="b">eng</subfield><subfield code="c">PPM</subfield><subfield code="d">OCLCQ</subfield></datafield><datafield ind1=" " ind2=" " tag="042"><subfield code="a">msc</subfield></datafield><datafield ind1="0" ind2="0" tag="245"><subfield code="a">Kingsville-Bishop record-news.</subfield></datafield><datafield ind1=" " ind2=" " tag="260"><subfield code="a">Kingsville, Tex. :</subfield><subfield code="b">Kingsville Pub. Co.,</subfield><subfield code="c">1964-</subfield></datafield><datafield ind1=" " ind2=" " tag="300"><subfield code="a">12 v. :</subfield><subfield code="b">ill.</subfield></datafield><datafield ind1=" " ind2=" " tag="310"><subfield code="a">Semiweekly</subfield></datafield><datafield ind1="0" ind2=" " tag="362"><subfield code="a">58th year, no. 18 (Nov. 25, l964)-69th year, no. 55 (Jan. 9, l977).</subfield></datafield><datafield ind1=" " ind2=" " tag="580"><subfield code="a">Formed by the union of: The Kingsville record, and: Kingsville Sunday record, with: Bishop news.</subfield></datafield><datafield ind1=" " ind2=" " tag="752"><subfield code="a">United States</subfield><subfield code="b">Texas</subfield><subfield code="c">Kleberg</subfield><subfield code="d">Kingsville.</subfield></datafield><datafield ind1="1" ind2="4" tag="780"><subfield code="t">Kingsville record</subfield><subfield code="w">(OCoLC)14708295</subfield></datafield><datafield ind1="1" ind2="4" tag="780"><subfield code="t">Kingsville Sunday record</subfield><subfield code="w">(OCoLC)15102013</subfield></datafield><datafield ind1="1" ind2="4" tag="780"><subfield code="t">Bishop news</subfield></datafield><datafield ind1="0" ind2="0" tag="785"><subfield code="t">Kingsville record and Bishop news</subfield><subfield code="w">(OCoLC)12590230</subfield></datafield></record>